%% This BibTeX bibliography file was created using BibDesk.
%% https://bibdesk.sourceforge.io/

%% Created for 傅冷觉 at 2024-04-02 21:24:20 -0500 


%% Saved with string encoding Unicode (UTF-8) 

@article{epstein1980increasing,
	author = {Epstein, Larry G and Tanny, Stephen M},
	date-added = {2024-01-16 19:38:30 +0000},
	date-modified = {2024-01-16 19:40:14 +0000},
	journal = {Canadian Journal of Economics},
	pages = {16-34},
	title = {Increasing generalized correlation: a definition and some economic consequences},
	year = {1980}}

@article{denuit2010some,
	author = {Denuit, Michel and Eeckhoudt, Louis and Rey, B{\'e}atrice},
	date-added = {2024-01-16 19:35:01 +0000},
	date-modified = {2024-01-16 19:41:40 +0000},
	journal = {Annals of Operations Research},
	pages = {259-269},
	title = {Some consequences of correlation aversion in decision science},
	volume = {176},
	year = {2010}}

@article{courbage2007precautionary,
	author = {Courbage, Christophe and Rey, B{\'e}atrice},
	date-added = {2024-01-16 19:24:09 +0000},
	date-modified = {2024-01-16 19:25:10 +0000},
	journal = {Economic Theory},
	number = {2},
	pages = {417-424},
	title = {Precautionary saving in the presence of other risks},
	volume = {32},
	year = {2007}}

@article{crainich2020intensity,
	author = {Crainich, David and Eeckhoudt, Louis and Le Courtois, Olivier},
	date-added = {2024-01-16 19:15:48 +0000},
	date-modified = {2024-01-16 19:16:38 +0000},
	journal = {Journal of Mathematical Economics},
	pages = {153-160},
	title = {Intensity of preferences for bivariate risk apportionment},
	volume = {88},
	year = {2020}}

@article{peter2021should,
	author = {Peter, Richard},
	date-added = {2024-01-16 19:04:52 +0000},
	date-modified = {2024-01-16 20:23:59 +0000},
	journal = {Economic Theory},
	number = {4},
	pages = {1259-1281},
	title = {Who should exert more effort? {R}isk aversion, downside risk aversion and optimal prevention},
	volume = {71},
	year = {2021}}

@article{denuit2010bivariate,
	author = {Denuit, Michel and Eeckhoudt, Louis},
	date-added = {2024-01-16 19:00:41 +0000},
	date-modified = {2024-01-16 19:01:37 +0000},
	journal = {Decision Analysis},
	number = {3},
	pages = {302-312},
	title = {Bivariate stochastic dominance and substitute risk-(in) dependent utilities},
	volume = {7},
	year = {2010}}

@article{mosler1984stochastic,
	author = {Mosler, KC},
	date-added = {2024-01-16 18:58:04 +0000},
	date-modified = {2024-01-16 18:59:17 +0000},
	journal = {Management Science},
	number = {11},
	pages = {1311-1322},
	title = {Stochastic dominance decision rules when the attributes are utility independent},
	volume = {30},
	year = {1984}}

@article{crainich2017health,
	author = {Crainich, David and Eeckhoudt, Louis and Le Courtois, Olivier},
	date-added = {2024-01-16 18:36:46 +0000},
	date-modified = {2024-01-16 18:37:34 +0000},
	journal = {European Journal of Operational Research},
	number = {1},
	pages = {273-279},
	title = {Health and portfolio choices: A diffidence approach},
	volume = {259},
	year = {2017}}

@article{attema2019measuring,
	author = {Attema, Arthur E and L'haridon, Olivier and van de Kuilen, Gijs},
	date-added = {2024-01-16 18:31:35 +0000},
	date-modified = {2024-01-16 20:17:19 +0000},
	journal = {Journal of Health Economics},
	pages = {16-24},
	title = {Measuring multivariate risk preferences in the health domain},
	volume = {64},
	year = {2019}}

@article{rosen2004portfolio,
	author = {Rosen, Harvey S and Wu, Stephen},
	date-added = {2024-01-16 18:25:45 +0000},
	date-modified = {2024-01-16 18:28:20 +0000},
	journal = {Journal of Financial Economics},
	number = {3},
	pages = {457-484},
	rating = {0},
	read = {0},
	title = {Portfolio choice and health status},
	volume = {72},
	year = {2004}}

@article{alary2013effect,
	author = {Alary, David and Gollier, Christian and Treich, Nicolas},
	journal = {The Economic Journal},
	number = {573},
	pages = {~1188--1202},
	publisher = {Wiley Online Library},
	title = {The effect of ambiguity aversion on insurance and self-protection},
	volume = {123},
	year = {2013}}

@article{arrow1963uncertainty,
	author = {Arrow, Kenneth J},
	journal = {American Economic Review},
	number = {5},
	pages = {~941--973},
	title = {Uncertainty and the welfare economics of medical care},
	volume = {53},
	year = {1963}}

@article{arrow1965aspects,
	author = {Arrow, Kenneth J},
	journal = {Helsinki: Yrj{\"o} Jahnsson Foundation},
	title = {Aspects of the Theory of Risk-Bearing},
	year = {1965}}

@article{arrow1971theory,
	author = {Arrow, Kenneth J},
	journal = {Essays in the theory of risk-bearing},
	pages = {~90--120},
	publisher = {Markham Publishing Chicago},
	title = {The theory of risk aversion},
	year = {1971}}

@article{arrow1974optimal,
	author = {Arrow, Kenneth J},
	journal = {Scandinavian Actuarial Journal},
	number = {1},
	pages = {~1--42},
	publisher = {Taylor \& Francis},
	title = {Optimal insurance and generalized deductibles},
	volume = {1974},
	year = {1974}}

@article{athey2002monotone,
	author = {Athey, Susan},
	journal = {The Quarterly Journal of Economics},
	number = {1},
	pages = {~187--223},
	publisher = {MIT Press},
	title = {Monotone comparative statics under uncertainty},
	volume = {117},
	year = {2002}}

@article{aumann1977power,
  title={Power and taxes},
  author={Aumann, Robert J and Kurz, Mordecai},
  journal={Econometrica},
  volume={32},
  number={2},
  pages={~1137--1161},
  year={1977},
  publisher={JSTOR}
}

@article{back2018skewness,
	author = {Back, Kerry and Crane, Alan D and Crotty, Kevin},
	journal = {The Review of Financial Studies},
	number = {12},
	pages = {~4720--4761},
	publisher = {Oxford University Press},
	title = {Skewness consequences of seeking alpha},
	volume = {31},
	year = {2018}}

@article{baillon2017prudence,
	author = {Baillon, Aur{\'e}lien},
	journal = {The Economic Journal},
	number = {604},
	pages = {~1731--1755},
	publisher = {Oxford University Press Oxford, UK},
	title = {Prudence with respect to ambiguity},
	volume = {127},
	year = {2017}}

@article{baillon2018measuring,
	author = {Baillon, Aur{\'e}lien and Schlesinger, Harris and van de Kuilen, Gijs},
	journal = {Experimental Economics},
	number = {2},
	pages = {~233--256},
	publisher = {Springer},
	title = {Measuring higher order ambiguity preferences},
	volume = {21},
	year = {2018}}

@article{baillon2018zooming,
	author = {Baillon, Aur{\'e}lien and Emirmahmutoglu, Aysil},
	journal = {International Economic Review},
	number = {4},
	pages = {~2107--2131},
	publisher = {Wiley Online Library},
	title = {Zooming in on ambiguity attitudes},
	volume = {59},
	year = {2018}}

@article{baillon2022risk,
  title={When risk perception gets in the way: Probability weighting and underprevention},
  author={Baillon, Aur{\'e}lien and Bleichrodt, Han and Emirmahmutoglu, Aysil and Jaspersen, Johannes and Peter, Richard},
  journal={Operations Research},
  volume={70},
  number={3},
  pages={1371--1392},
  year={2022},
  publisher={Informs}
}

@article{baillon2019testing,
	author = {Baillon, Aur{\'e}lien and Placido, L{\ae}titia},
	journal = {Journal of Economic Theory},
	pages = {~309--332},
	publisher = {Elsevier},
	title = {Testing constant absolute and relative ambiguity aversion},
	volume = {181},
	year = {2019}}

@article{battalio1991experimental,
	author = {Battalio, Raymond C and Kagel, John H and Kogut, Carl A},
	journal = {The American Economic Review},
	number = {4},
	pages = {~961--970},
	publisher = {JSTOR},
	title = {Experimental confirmation of the existence of a {G}iffen good},
	volume = {81},
	year = {1991}}

@article{beaud2015people,
	author = {Beaud, Mickael and Willinger, Marc},
	journal = {Management Science},
	number = {3},
	pages = {~624--636},
	publisher = {INFORMS},
	title = {Are people risk vulnerable?},
	volume = {61},
	year = {2015}}

@article{bell1988one,
	author = {Bell, David E},
	journal = {Management Science},
	number = {12},
	pages = {~1416--1424},
	publisher = {INFORMS},
	title = {One-switch utility functions and a measure of risk},
	volume = {34},
	year = {1988}}

@article{berger2014precautionary,
	author = {Berger, Lo{\"\i}c},
	journal = {Economics Letters},
	number = {2},
	pages = {~248--251},
	publisher = {Elsevier},
	title = {Precautionary saving and the notion of ambiguity prudence},
	volume = {123},
	year = {2014}}

@article{berger2016impact,
	author = {Berger, Lo{\"\i}c},
	journal = {Theory and Decision},
	number = {3},
	pages = {~389--409},
	publisher = {Springer},
	title = {The impact of ambiguity and prudence on prevention decisions},
	volume = {80},
	year = {2016}}

@article{berger2020characterizing,
	author = {Berger, Lo{\"\i}c and Bosetti, Valentina},
	journal = {Journal of Economic Behavior \& Organization},
	pages = {~621--637},
	publisher = {Elsevier},
	title = {Characterizing ambiguity attitudes using model uncertainty},
	volume = {180},
	year = {2020}}

@article{bernard2015optimal,
	author = {Bernard, Carole and He, Xuedong and Yan, Jia-An and Zhou, Xun Yu},
	journal = {Mathematical Finance},
	number = {1},
	pages = {~154--186},
	publisher = {Wiley Online Library},
	title = {Optimal insurance design under rank-dependent expected utility},
	volume = {25},
	year = {2015}}

@article{bhargava2017choose,
	author = {Bhargava, Saurabh and Loewenstein, George and Sydnor, Justin},
	journal = {The Quarterly Journal of Economics},
	number = {3},
	pages = {~1319--1372},
	publisher = {Oxford University Press},
	title = {Choose to lose: {H}ealth plan choices from a menu with dominated option},
	volume = {132},
	year = {2017}}

@article{bleichrodt2022prevention,
	author = {Bleichrodt, Han},
	journal = {The Geneva Risk and Insurance Review},
	number = {2},
	pages = {277--297},
	publisher = {Springer},
	title = {The prevention puzzle},
	volume = {47},
	year = {2022}}

@article{boonen2019existence,
	author = {Boonen, Tim J and Ghossoub, Mario},
	journal = {Insurance: Mathematics and Economics},
	pages = {~209--225},
	publisher = {Elsevier},
	title = {On the existence of a representative reinsurer under heterogeneous beliefs},
	volume = {88},
	year = {2019}}

@article{bopp1983demand,
	author = {Bopp, Anthony E},
	journal = {Applied Economics},
	number = {4},
	pages = {~459--468},
	publisher = {Taylor \& Francis},
	title = {The demand for kerosene: {A} modern {G}iffen good},
	volume = {15},
	year = {1983}}

@article{borch1962equilibrium,
	author = {Borch, Karl},
	journal = {Econometrica},
	number = {3},
	pages = {~424--444},
	title = {Equilibrium in a reinsurance market},
	volume = {30},
	year = {1962}}

@article{brianti2018optimal,
	author = {Brianti, Marco and Magnani, Marco and Menegatti, Mario},
	journal = {Research in Economics},
	number = {2},
	pages = {~327--342},
	publisher = {Elsevier},
	title = {Optimal choice of prevention and cure under uncertainty on disease effect and cure effectiveness},
	volume = {72},
	year = {2018}}

@article{briys1989more,
	author = {Briys, Eric and Dionne, Georges and Eeckhoudt, Louis},
	journal = {Journal of Risk and Uncertainty},
	number = {4},
	pages = {~415--420},
	publisher = {Springer},
	title = {More on insurance as a {G}iffen good},
	volume = {2},
	year = {1989}}

@article{briys1990risk,
	author = {Briys, Eric and Schlesinger, Harris},
	journal = {Southern Economic Journal},
	number = {2},
	pages = {~458--467},
	publisher = {JSTOR},
	title = {Risk aversion and the propensities for self-insurance and self-protection},
	volume = {57},
	year = {1990}}

@article{cai2012invariant,
	author = {Cai, Jun and Wei, Wei},
	journal = {Insurance: {M}athematics and Economics},
	number = {1},
	pages = {~43--49},
	publisher = {Elsevier},
	title = {On the invariant properties of notions of positive dependence and copulas under increasing transformations},
	volume = {50},
	year = {2012}}

@article{camerer1992recent,
	author = {Camerer, Colin and Weber, Martin},
	journal = {Journal of Risk and Uncertainty},
	number = {4},
	pages = {~325--370},
	publisher = {Springer},
	title = {Recent developments in modeling preferences: {U}ncertainty and ambiguity},
	volume = {5},
	year = {1992}}

@article{carlier2003efficient,
	author = {Carlier, Guillaume and Dana, Rose Anne and Shahidi, Niousha},
	journal = {The Geneva Papers on Risk and Insurance Theory},
	number = {1},
	pages = {~59--71},
	publisher = {Springer},
	title = {Efficient insurance contracts under epsilon-contaminated utilities},
	volume = {28},
	year = {2003}}

@article{carthy1998contingent,
	author = {Carthy, Trevor and Chilton, Susan and Covey, Judith and Hopkins, Lorraine and Jones-Lee, Michael and Loomes, Graham and Pidgeon, Nick and Spencer, Anne},
	journal = {Journal of Risk and Uncertainty},
	number = {3},
	pages = {~187--214},
	publisher = {Springer},
	title = {On the contingent valuation of safety and the safety of contingent valuation: Part 2 - {T}he {CV/SG} ``chained" approach},
	volume = {17},
	year = {1998}}

@article{chesson2003commonalities,
	author = {Chesson, H.W. and Viscusi, W.K.},
	journal = {Theory and Decision},
	number = {1},
	pages = {~57--71},
	publisher = {Springer},
	title = {Commonalities in Time and Ambiguity Aversion for Long-Term Risks},
	volume = {54},
	year = {2003}}

@article{chetty2006new,
	author = {Chetty, Raj},
	journal = {American Economic Review},
	number = {5},
	pages = {~1821--1834},
	title = {A new method of estimating risk aversion},
	volume = {96},
	year = {2006}}

@article{chi2018optimum,
	author = {Chi, Yichun and Wei, Wei},
	journal = {A{STIN} Bulletin},
	number = {3},
	pages = {~1025--1047},
	publisher = {Cambridge University Press},
	title = {Optimum insurance contracts with background risk and higher-order risk attitudes},
	volume = {48},
	year = {2018}}

@article{chi2020optimal,
	author = {Chi, Yichun and Wei, Wei},
	journal = {Finance and Stochastics},
	number = {4},
	pages = {~903--937},
	publisher = {Springer},
	title = {Optimal insurance with background risk: {A}n analysis of general dependence structures},
	volume = {24},
	year = {2020}}

@article{chi2020optimal,
	author = {Chi, Yichun and Zhuang, Sheng Chao},
	journal = {Insurance: {M}athematics and Economics},
	pages = {~104--114},
	publisher = {Elsevier},
	title = {Optimal insurance with belief heterogeneity and incentive compatibility},
	volume = {92},
	year = {2020}}

@article{chi2021optimal,
	author = {Chi, Yichun and Tan, Ken Seng},
	journal = {ASTIN Bulletin},
	number = {2},
	pages = {~661--688},
	publisher = {Cambridge University Press},
	title = {Optimal incentive-compatible insurance with background risk},
	volume = {51},
	year = {2021}}

@article{chiappori2006asymmetric,
	author = {Chiappori, Pierre-Andr{\'e} and Jullien, Bruno and Salani{\'e}, Bernard and Salanie, Francois},
	journal = {The {RAND} Journal of Economics},
	number = {4},
	pages = {~783--798},
	publisher = {Wiley Online Library},
	title = {Asymmetric information in insurance: {G}eneral testable implications},
	volume = {37},
	year = {2006}}

@article{chiu2000propensity,
	author = {Chiu, W Henry},
	journal = {Journal of Risk and Insurance},
	number = {4},
	pages = {~555--577},
	publisher = {JSTOR},
	title = {On the propensity to self-protect},
	volume = {67},
	year = {2000}}

@article{chiu2005skewness,
	author = {Chiu, W Henry},
	journal = {Management Science},
	number = {12},
	pages = {~1816--1828},
	publisher = {INFORMS},
	title = {Skewness preference, risk aversion, and the precedence relations on stochastic changes},
	volume = {51},
	year = {2005}}

@article{chiu2005degree,
	author = {Chiu, W Henry},
	journal = {Insurance: Mathematics and Economics},
	number = {1},
	pages = {~93--101},
	publisher = {Elsevier},
	title = {Degree of downside risk aversion and self-protection},
	volume = {36},
	year = {2005}}

@article{chiu2010skewness,
	author = {Chiu, W Henry},
	journal = {The Geneva Risk and Insurance Review},
	number = {2},
	pages = {~108--129},
	publisher = {Springer},
	title = {Skewness preference, risk taking and expected utility maximisation},
	volume = {35},
	year = {2010}}

@article{chiu2012relative,
  title={On relative and partial risk attitudes: {T}heory and implications},
  author={Chiu, Henry and Eeckhoudt, Louis and Rey, Beatrice},
  journal={Economic Theory},
  volume={50},
  number={1},
  pages={~151--167},
  year={2012},
  publisher={Springer}
}

@article{chiu2012risk,
	author = {Chiu, W Henry},
	journal = {The Geneva Risk and Insurance Review},
	number = {1},
	pages = {~1--26},
	publisher = {Springer},
	title = {Risk aversion, downside risk aversion and paying for stochastic improvements},
	volume = {37},
	year = {2012}}

@article{cohen2007estimating,
	author = {Cohen, Alma and Einav, Liran},
	journal = {American Economic Review},
	number = {3},
	pages = {~745--788},
	title = {Estimating risk preferences from deductible choice},
	volume = {97},
	year = {2007}}

@article{constantinides1982intertemporal,
	author = {Constantinides, George M},
	journal = {Journal of Business},
	number = {2},
	pages = {~253--267},
	publisher = {JSTOR},
	title = {Intertemporal asset pricing with heterogeneous consumers and without demand aggregation},
	volume = {55},
	year = {1982}}

@article{courbage2006prudence,
	author = {Courbage, Christophe and Rey, B{\'e}atrice},
	journal = {Health Economics},
	number = {12},
	pages = {~1323--1327},
	publisher = {Wiley Online Library},
	title = {Prudence and optimal prevention for health risks},
	volume = {15},
	year = {2006}}

@article{courbage2012optimal,
	author = {Courbage, Christophe and Rey, B{\'e}atrice},
	journal = {Mathematical Social Sciences},
	number = {3},
	pages = {~213--217},
	publisher = {Elsevier},
	title = {Optimal prevention and other risks in a two-period model},
	volume = {63},
	year = {2012}}

@article{courbage2017optimal,
	author = {Courbage, Christophe and Louberg{\'e}, Henri and Peter, Richard},
	journal = {Journal of Risk and Insurance},
	number = {3},
	pages = {~899--922},
	publisher = {Wiley Online Library},
	title = {Optimal prevention for multiple risks},
	volume = {84},
	year = {2017}}

@article{courbage2018vulnerable,
  title={How vulnerable is risk aversion to wealth, health and other risks? {A}n empirical analysis for {E}urope},
  author={Courbage, Christophe and Montoliu-Montes, Guillem and Rey, B{\'e}atrice},
  Journal={Working Paper},
  year={2018}
}

@article{courbage2021effect,
  title={On the effect of uncertainty on personal vaccination decisions},
  author={Courbage, Christophe and Peter, Richard},
  journal={Health Economics},
  volume={30},
  number={11},
  pages={~2937--2942},
  year={2021},
  publisher={Wiley Online Library}
}

@incollection{courbage2024prevention,
	author = {Courbage, Christophe and Peter, Richard and Rey, B{'\e}atrice and Treich, Nicolas},
	booktitle = {Handbook of Insurance},
	edition = {3},
	editor = {Georges Dionne},
	publisher = {Springer},
	volume = {2},
	pages = {27--53},
	title = {Prevention and precaution},
	year = {2025}}

@article{crainich2008intensity,
	author = {Crainich, David and Eeckhoudt, Louis},
	journal = {Journal of Risk and Uncertainty},
	number = {3},
	pages = {267--276},
	publisher = {Springer},
	title = {On the intensity of downside risk aversion},
	volume = {36},
	year = {2008}}

@article{crainich2016changing,
	author = {Crainich, David and Eeckhoudt, Louis and Menegatti, Mario},
	journal = {Journal of Economic Behavior \& Organization},
	pages = {~97--106},
	publisher = {Elsevier},
	title = {Changing risks and optimal effort},
	volume = {125},
	year = {2016}}

@article{crainich2017average,
	author = {Crainich, David and Eeckhoudt, Louis},
	journal = {Journal of Risk and Uncertainty},
	number = {1},
	pages = {~29--39},
	publisher = {Springer},
	title = {Average willingness to pay for disease prevention with personalized health information},
	volume = {55},
	year = {2017}}

@article{crainich2021self,
  title={Self-protection with random costs},
  author={Crainich, David and Menegatti, Mario},
  journal={Insurance: Mathematics and Economics},
  volume={98},
  pages={~63--67},
  year={2021},
  publisher={Elsevier}
}

@article{cubitt2020discriminating,
	author = {Cubitt, Robin and Van De Kuilen, Gijs and Mukerji, Sujoy},
	journal = {Journal of the European Economic Association},
	number = {2},
	pages = {~708--749},
	publisher = {Oxford University Press},
	title = {Discriminating between models of ambiguity attitude: {A} qualitative test},
	volume = {18},
	year = {2020}}

@article{dachraoui2004comparative,
	author = {Dachraoui, Ka{\"\i}s and Dionne, Georges and Eeckhoudt, Louis and Godfroid, Philippe},
	journal = {Journal of Risk and Uncertainty},
	number = {3},
	pages = {~261--276},
	publisher = {Springer},
	title = {Comparative mixed risk aversion: {D}efinition and application to self-protection and willingness to pay},
	volume = {29},
	year = {2004}}

@article{dana2007optimal,
	author = {Dana, Rose-Anne and Scarsini, Marco},
	journal = {Journal of Economic Theory},
	number = {1},
	pages = {~152--176},
	publisher = {Elsevier},
	title = {Optimal risk sharing with background risk},
	volume = {133},
	year = {2007}}

@article{degrandpre1993effects,
	author = {DeGrandpre, Richard J and Bickel, Warren K and Rizvi, S Abu Turab and Hughes, John R},
	journal = {Journal of the Experimental Analysis of Behavior},
	number = {3},
	pages = {~483--500},
	publisher = {Wiley Online Library},
	title = {Effects of income on drug choice in humans},
	volume = {59},
	year = {1993}}

@article{denuit2013ross,
	author = {Denuit, Michel M and Eeckhoudt, Louis and Schlesinger, Harris},
	journal = {Journal of Mathematical Economics},
	number = {2},
	pages = {~177--182},
	publisher = {Elsevier},
	title = {When {R}oss meets {B}ell: {T}he linex utility function},
	volume = {49},
	year = {2013}}

@article{denuit2016tradeoffs,
	author = {Denuit, Michel and Eeckhoudt, Louis and Liu, Liqun and Meyer, Jack},
	journal = {The Geneva Risk and Insurance Review},
	number = {1},
	pages = {~19--47},
	publisher = {Springer},
	title = {Tradeoffs for downside risk-averse decision-makers and the self-protection decision},
	volume = {41},
	year = {2016}}

@article{dertwinkel2023correlated,
	author = {Dertwinkel-Kalt, Markus and Ebert, Sebastian and K{\"o}ster, Mats},
	journal = {Journal of Economic Behavior \& Organization},
	pages = {~292--306},
	publisher = {Elsevier},
	title = {On correlated lotteries in economic applications},
	volume = {215},
	year = {2023}}

@article{chow2001comparative,
	author = {Chow, C.C. and Sarin, R.K.},
	journal = {Journal of Risk and Uncertainty},
	number = {2},
	pages = {~129--139},
	publisher = {Springer},
	title = {Comparative ignorance and the {E}llsberg paradox},
	volume = {22},
	year = {2001}}

@article{diamond1974increases,
	author = {Diamond, Peter and Stiglitz, Joseph},
	journal = {Journal of Economic Theory},
	number = {3},
	pages = {~337--360},
	publisher = {Elsevier},
	title = {Increases in risk and in risk aversion},
	volume = {8},
	year = {1974}}

@article{dimmock2015estimating,
	author = {Dimmock, Stephen G and Kouwenberg, Roy and Mitchell, Olivia S and Peijnenburg, Kim},
	journal = {Journal of Risk and Uncertainty},
	number = {3},
	pages = {~219--244},
	publisher = {Springer},
	title = {Estimating ambiguity preferences and perceptions in multiple prior models: {E}vidence from the field},
	volume = {51},
	year = {2015}}

@article{dimmock2016ambiguity,
	author = {Dimmock, Stephen and Kouwenberg, Roy and Mitchell, Olivia and Peijnenburg, Kim},
	journal = {Journal of Financial Economics},
	number = {3},
	pages = {~559--577},
	publisher = {Elsevier},
	title = {Ambiguity aversion and household portfolio choice puzzles: {E}mpirical evidence},
	volume = {119},
	year = {2016}}

@article{dionne1985self,
	author = {Dionne, Georges and Eeckhoudt, Louis},
	journal = {Economics Letters},
	number = {1-2},
	pages = {~39--42},
	publisher = {Elsevier},
	title = {Self-insurance, self-protection and increased risk aversion},
	volume = {17},
	year = {1985}}

@article{dionne2011impact,
	author = {Dionne, Georges and Li, Jingyuan},
	journal = {Economics Letters},
	number = {2},
	pages = {~147--149},
	publisher = {Elsevier},
	title = {The impact of prudence on optimal prevention revisited},
	volume = {113},
	year = {2011}}

@article{doherty1983optimal,
  title={Optimal insurance in incomplete markets},
  author={Doherty, Neil A and Schlesinger, Harris},
  journal={Journal of Political Economy},
  volume={91},
  number={6},
  pages={~1045--1054},
  year={1983},
  publisher={The University of Chicago Press}
}

@article{dohmen2011individual,
  title={Individual risk attitudes: {M}easurement, determinants, and behavioral consequences},
  author={Dohmen, Thomas and Falk, Armin and Huffman, David and Sunde, Uwe and Schupp, J{\"u}rgen and Wagner, Gert G},
  journal={Journal of the European Economic Association},
  volume={9},
  number={3},
  pages={~522--550},
  year={2011},
  publisher={Oxford University Press}
}

@article{dow1992uncertainty,
	author = {Dow, James and da Costa Werlang, S{\'e}rgio Ribeiro},
	journal = {Econometrica},
	number = {1},
	pages = {~197--204},
	publisher = {JSTOR},
	title = {Uncertainty aversion, risk aversion, and the optimal choice of portfolio},
	volume = {60},
	year = {1992}}

@article{dwyer1984robert,
	author = {Dwyer, Gerald P and Lindsay, Cotton M},
	journal = {The American Economic Review},
	number = {1},
	pages = {~188--192},
	publisher = {JSTOR},
	title = {Robert {G}iffen and the {I}rish potato},
	volume = {74},
	year = {1984}}

@article{dynan1993prudent,
	author = {Dynan, Karen E},
	journal = {Journal of Political Economy},
	number = {6},
	pages = {~1104--1113},
	publisher = {The University of Chicago Press},
	title = {How prudent are consumers?},
	volume = {101},
	year = {1993}}

@article{ebert2015skewed,
	author = {Ebert, Sebastian},
	journal = {Journal of Economic Behavior \& Organization},
	pages = {~85--97},
	publisher = {Elsevier},
	title = {On skewed risks in economic models and experiments},
	volume = {112},
	year = {2015}}

@article{ebert2017measuring,
	author = {Ebert, Sebastian and van de Kuilen, Gijs},
	journal = {Tilburg University (Working Paper), available at SSRN 2637964},
	title = {Measuring multivariate risk preferences},
	year = {2016}}

@article{eeckhoudt1991increases,
	author = {Eeckhoudt, Louis and Gollier, Christian and Schlesinger, Harris},
	journal = {Journal of Economic Theory},
	number = {2},
	pages = {~435--440},
	publisher = {Elsevier},
	title = {Increases in risk and deductible insurance},
	volume = {55},
	year = {1991}}

@incollection{eeckhoudt1992background,
	author = {Eeckhoudt, Louis and Kimball, Miles},
	booktitle = {Contributions to Insurance Economics},
	pages = {~239--254},
	publisher = {Springer},
	title = {Background risk, prudence, and the demand for insurance},
	year = {1992}}

@article{eeckhoudt1996changes,
	author = {Eeckhoudt, Louis and Gollier, Christian and Schlesinger, Harris},
	journal = {Econometrica},
	number = {3},
	pages = {683--689},
	publisher = {JSTOR},
	title = {Changes in background risk and risk taking behavior},
	volume = {64},
	year = {1996}}

@book{eeckhoudt2005economic,
	author = {Eeckhoudt, Louis and Gollier, Christian and Schlesinger, Harris},
	publisher = {Princeton University Press},
	title = {Economic and financial decisions under risk},
	year = {2005}}

@article{eeckhoudt2005impact,
	author = {Eeckhoudt, Louis and Gollier, Christian},
	journal = {Economic Theory},
	number = {4},
	pages = {~989--994},
	publisher = {Springer},
	title = {The impact of prudence on optimal prevention},
	volume = {26},
	year = {2005}}

@article{eeckhoudt2006putting,
	author = {Eeckhoudt, Louis and Schlesinger, Harris},
	journal = {The American Economic Review},
	number = {1},
	pages = {280--289},
	publisher = {American Economic Association},
	title = {Putting risk in its proper place},
	volume = {96},
	year = {2006}}

@article{eeckhoudt2007good,
	author = {Eeckhoudt, Louis and Rey, B{\'e}atrice and Schlesinger, Harris},
	journal = {Management Science},
	number = {1},
	pages = {~117--124},
	publisher = {INFORMS},
	title = {A good sign for multivariate risk taking},
	volume = {53},
	year = {2007}}

@article{eeckhoudt2008changes,
  title={Changes in risk and the demand for saving},
  author={Eeckhoudt, Louis and Schlesinger, Harris},
  journal={Journal of Monetary Economics},
  volume={55},
  number={7},
  pages={~1329--1336},
  year={2008},
  publisher={Elsevier}
}

@article{eeckhoudt2012precautionary,
	author = {Eeckhoudt, Louis and Huang, Rachel J and Tzeng, Larry Y},
	journal = {Journal of Risk and Insurance},
	number = {2},
	pages = {~585--590},
	publisher = {Wiley Online Library},
	title = {Precautionary effort: {A} new look},
	volume = {79},
	year = {2012}}

@article{ehrlich1972market,
	author = {Ehrlich, Isaac and Becker, Gary S},
	journal = {Journal of Political Economy},
	number = {4},
	pages = {~623--648},
	publisher = {JSTOR},
	title = {Market insurance, self-insurance, and self-protection},
	volume = {80},
	year = {1972}}

@article{einhorn1986decision,
	author = {Einhorn, H.J. and Hogarth, R.M.},
	journal = {Journal of Business},
	number = {4},
	pages = {~225--250},
	publisher = {JSTOR},
	title = {Decision making under ambiguity},
	volume = {59},
	year = {1986}}

@article{eisenhauer1997risk,
	author = {Eisenhauer, Joseph G},
	journal = {International Advances in Economic Research},
	number = {1},
	pages = {~46--53},
	publisher = {Springer},
	title = {Risk aversion, wealth, and the {DARA} hypothesis: {A} new test},
	volume = {3},
	year = {1997}}

@article{eisenhauer1999prudence,
	author = {Eisenhauer, Joseph G and Halek, Martin},
	journal = {Applied Economics Letters},
	number = {4},
	pages = {~239--242},
	publisher = {Taylor \& Francis},
	title = {Prudence, risk aversion, and the demand for life insurance},
	volume = {6},
	year = {1999}}

@article{eisenhauer2000estimating,
	author = {Eisenhauer, Joseph G},
	journal = {Eastern Economic Journal},
	number = {4},
	pages = {~379--392},
	publisher = {JSTOR},
	title = {Estimating prudence},
	volume = {26},
	year = {2000}}

@article{eisenhauer2003survey,
	author = {Eisenhauer, Joseph G and Ventura, Luigi},
	journal = {Applied Economics},
	number = {13},
	pages = {~1477--1484},
	publisher = {Taylor \& Francis},
	title = {Survey measures of risk aversion and prudence},
	volume = {35},
	year = {2003}}

@article{ekern1980increasing,
	author = {Ekern, Steinar},
	journal = {Economics Letters},
	number = {4},
	pages = {~329--333},
	publisher = {Elsevier},
	title = {Increasing $N$th degree risk},
	volume = {6},
	year = {1980}}

@article{ellsberg1961risk,
	author = {Ellsberg, D.},
	journal = {The Quarterly Journal of Economics},
	number = {4},
	pages = {~643--669},
	publisher = {JSTOR},
	title = {Risk, ambiguity, and the {S}avage axioms},
	volume = {75},
	year = {1961}}

@article{epstein2010paradox,
	author = {Epstein, Larry G},
	journal = {Econometrica},
	number = {6},
	pages = {~2085--2099},
	publisher = {Wiley Online Library},
	title = {A paradox for the ``smooth ambiguity'' model of preference},
	volume = {78},
	year = {2010}}

@article{etner2010impact,
	author = {Etner, Johanna and Spaeter, Sandrine},
	journal = {Working Paper (University of Paris Descartes)},
	title = {The impact of ambiguity on health prevention and insurance},
	year = {2010}}

@article{etner2013risk,
	author = {Etner, Johanna and Jeleva, Meglena},
	journal = {Health Economics},
	number = {2},
	pages = {~144--156},
	publisher = {Wiley Online Library},
	title = {Risk perception, prevention and diagnostic tests},
	volume = {22},
	year = {2013}}

@article{etner2014underestimation,
	author = {Etner, Johanna and Jeleva, Meglena},
	journal = {Economic Theory},
	number = {2},
	pages = {~291--307},
	publisher = {Springer},
	title = {Underestimation of probabilities modifications: {C}haracterization and economic implications},
	volume = {56},
	year = {2014}}

@article{evans1991estimation,
	author = {Evans, William and Viscusi, Kip},
	journal = {The Review of Economics and Statistics},
	number = {1},
	pages = {~94--104},
	publisher = {JSTOR},
	title = {Estimation of state-dependent utility functions using survey data},
	volume = {73},
	year = {1991}}

@article{fafchamps2003risk,
	author = {Fafchamps, Marcel and Lund, Susan},
	journal = {Journal of Development Economics},
	number = {2},
	pages = {~261--287},
	publisher = {Elsevier},
	title = {Risk-sharing networks in rural {P}hilippines},
	volume = {71},
	year = {2003}}

@article{fafchamps2007formation,
	author = {Fafchamps, Marcel and Gubert, Flore},
	journal = {Journal of Development Economics},
	number = {2},
	pages = {~326--350},
	publisher = {Elsevier},
	title = {The formation of risk sharing networks},
	volume = {83},
	year = {2007}}

@article{fagart2013first,
	author = {Fagart, Marie-C{\'e}cile and Fluet, Claude},
	journal = {Journal of Mathematical Economics},
	number = {1},
	pages = {~7--16},
	publisher = {Elsevier},
	title = {The first-order approach when the cost of effort is money},
	volume = {49},
	year = {2013}}

@article{finkelstein2013good,
	author = {Finkelstein, Amy and Luttmer, Erzo and Notowidigdo, Matthew},
	journal = {Journal of the European Economic Association},
	number = {suppl\_1},
	pages = {~221--258},
	publisher = {Oxford University Press},
	title = {What good is wealth without health? {T}he effect of health on the marginal utility of consumption},
	volume = {11},
	year = {2013}}

@article{foncel2005fear,
  title={Fear of ruin},
  author={Foncel, Jerome and Treich, Nicolas},
  journal={Journal of Risk and Uncertainty},
  volume={31},
  pages={~289--300},
  year={2005},
  publisher={Springer}
}

@article{ghirardato2004differentiating,
	author = {Ghirardato, Paolo and Maccheroni, Fabio and Marinacci, Massimo},
	journal = {Journal of Economic Theory},
	number = {2},
	pages = {~133--173},
	publisher = {Elsevier},
	title = {Differentiating ambiguity and ambiguity attitude},
	volume = {118},
	year = {2004}}

@article{ghossoub2017arrow,
	author = {Ghossoub, Mario},
	journal = {North American Actuarial Journal},
	number = {1},
	pages = {~15--35},
	publisher = {Taylor \& Francis},
	title = {Arrow's theorem of the deductible with heterogeneous beliefs},
	volume = {21},
	year = {2017}}

@article{ghossoub2019budget,
	author = {Ghossoub, Mario},
	journal = {Insurance: Mathematics and Economics},
	pages = {~22--39},
	publisher = {Elsevier},
	title = {Budget-constrained optimal insurance without the nonnegativity constraint on indemnities},
	volume = {84},
	year = {2019}}

@article{ghossoub2019optimal,
	author = {Ghossoub, Mario},
	journal = {Insurance: Mathematics and Economics},
	pages = {~51--66},
	publisher = {Elsevier},
	title = {Optimal insurance under rank-dependent expected utility},
	volume = {87},
	year = {2019}}

@article{gilboa1989maxmin,
	author = {Gilboa, Itzhak and Schmeidler, David},
	journal = {Journal of Mathematical Economics},
	number = {2},
	pages = {~141-153},
	title = {Maxmin expected utility with non-unique prior},
	volume = {18},
	year = {1989}}

@article{gollier1987design,
	author = {Gollier, Christian},
	journal = {Journal of Risk and Insurance},
	number = {2},
	pages = {~314--324},
	publisher = {JSTOR},
	title = {The design of optimal insurance contracts without the nonnegativity constraint on claims},
	volume = {54},
	year = {1987}}

@article{gollier1996optimum,
	author = {Gollier, Christian},
	journal = {Journal of Risk and Insurance},
	number = {3},
	pages = {~369--380},
	publisher = {JSTOR},
	title = {Optimum insurance of approximate losses},
	volume = {63},
	year = {1996}}

@incollection{gollier2013economics,
	author = {Gollier, Christian},
	booktitle = {Handbook of Insurance},
	chapter = {4},
	editor = {Georges Dionne},
	pages = {107--122},
	publisher = {Springer},
	title = {The economics of optimal insurance design},
	year = {2013}}

@article{gourinchas2002consumption,
	author = {Gourinchas, Pierre-Olivier and Parker, Jonathan A},
	journal = {Econometrica},
	number = {1},
	pages = {~47--89},
	publisher = {Wiley Online Library},
	title = {Consumption over the life cycle},
	volume = {70},
	year = {2002}}

@article{guerdjikova2015survival,
	author = {Guerdjikova, Ani and Sciubba, Emanuela},
	journal = {Journal of Economic Theory},
	pages = {~50--94},
	publisher = {Elsevier},
	title = {Survival with ambiguity},
	volume = {155},
	year = {2015}}

@article{guiso1992earnings,
	author = {Guiso, Luigi and Jappelli, Tullio and Terlizzese, Daniele},
	journal = {Journal of Monetary Economics},
	number = {2},
	pages = {~307--337},
	publisher = {Elsevier},
	title = {Earnings uncertainty and precautionary saving},
	volume = {30},
	year = {1992}}

@article{guiso2008risk,
	author = {Guiso, Luigi and Paiella, Monica},
	journal = {Journal of the European Economic Association},
	number = {6},
	pages = {~1109--1150},
	publisher = {Oxford University Press},
	title = {Risk aversion, wealth, and background risk},
	volume = {6},
	year = {2008}}

@article{gollier1996risk,
	author = {Gollier, Christian and Pratt, John W},
	journal = {Econometrica},
	number = {5},
	pages = {1109--1123},
	publisher = {JSTOR},
	title = {Risk vulnerability and the tempering effect of background risk},
	volume = {64},
	year = {1996}}

@article{gollier1996arrow,
	author = {Gollier, Christian and Schlesinger, Harris},
	journal = {Economic Theory},
	number = {2},
	pages = {~359--363},
	publisher = {Springer},
	title = {Arrow's theorem on the optimality of deductibles: a stochastic dominance approach},
	volume = {7},
	year = {1996}}

@book{gollier2001economics,
	author = {Gollier, Christian},
	publisher = {MIT Press, Cambridge, MA},
	title = {The Economics of Risk and Time},
	year = {2001}}

@article{gollier2011portfolio,
	author = {Gollier, Christian},
	journal = {The Review of Economic Studies},
	number = {4},
	pages = {~1329--1344},
	publisher = {Oxford University Press},
	title = {Portfolio choices and asset prices: {T}he comparative statics of ambiguity aversion},
	volume = {78},
	year = {2011}}

@article{gollier2014optimal,
	author = {Gollier, Christian},
	journal = {Economic Theory},
	number = {3},
	pages = {~555--576},
	publisher = {Springer},
	title = {Optimal insurance design of ambiguous risks},
	volume = {57},
	year = {2014}}

@article{hadar1990effects,
  title={The effects of shifts in a return distribution on optimal portfolios},
  author={Hadar, Josef and Seo, Tae},
  journal={International Economic Review},
  pages={~721--736},
  volume={31},
  number={3},
  year={1990},
  publisher={JSTOR}
}

@article{harvey2000conditional,
	author = {Harvey, Campbell R and Siddique, Akhtar},
	journal = {The Journal of Finance},
	number = {3},
	pages = {~1263--1295},
	publisher = {Wiley Online Library},
	title = {Conditional skewness in asset pricing tests},
	volume = {55},
	year = {2000}}

@article{hau2008coinsurance,
	author = {Hau, Arthur},
	journal = {Journal of Risk and Insurance},
	number = {2},
	pages = {~343--364},
	publisher = {Wiley Online Library},
	title = {When Is a Coinsurance-Type Insurance Policy Inferior or Even {G}iffen?},
	volume = {75},
	year = {2008}}

@article{heinzel2015precautionary,
	author = {Heinzel, Christoph and Peter, Richard},
	journal = {Working Paper (University of Iowa)},
	title = {Precautionary motives under multiple instruments},
	year = {2015}}

@article{hennessy2008prevention,
	author = {Hennessy, David A},
	journal = {Health Economics},
	number = {4},
	pages = {~503--511},
	publisher = {Wiley Online Library},
	title = {Prevention and cure efforts both substitute and complement},
	volume = {17},
	year = {2008}}

@article{hey1983prevention,
	author = {Hey, John D and Patel, Mahesh S},
	journal = {Journal of Health Economics},
	number = {2},
	pages = {~119--138},
	publisher = {Elsevier},
	title = {Prevention and cure?: {O}r: {I}s an ounce of prevention worth a pound of cure?},
	volume = {2},
	year = {1983}}

@article{hofmann2015multivariate,
	author = {Hofmann, Annette and Peter, Richard},
	journal = {Economics Letters},
	pages = {~51--53},
	publisher = {Elsevier},
	title = {Multivariate prevention decisions: {S}afe today or sorry tomorrow?},
	volume = {128},
	year = {2015}}

@article{hofmann2016self,
	author = {Hofmann, Annette and Peter, Richard},
	journal = {Journal of Risk and Insurance},
	number = {3},
	pages = {~719--734},
	publisher = {Wiley Online Library},
	title = {Self-Insurance, Self-Protection, and Saving: {O}n Consumption Smoothing and Risk Management},
	volume = {83},
	year = {2016}}

@article{hofmann2019efficiency,
  title={On the efficiency of self-protection with spillovers in risk},
  author={Hofmann, Annette and Rothschild, Casey},
  journal={The Geneva Risk and Insurance Review},
  volume={44},
  pages={~207--221},
  year={2019},
  publisher={Springer}
}

@article{holt2002risk,
	author = {Holt, Charles A and Laury, Susan K},
	journal = {American Economic Review},
	number = {5},
	pages = {~1644--1655},
	title = {Risk aversion and incentive effects},
	volume = {92},
	year = {2002}}

@article{hoy1981insurance,
	author = {Hoy, Michael and Robson, Arthur J},
	journal = {Economics Letters},
	number = {1},
	pages = {~47--51},
	publisher = {Elsevier},
	title = {Insurance as a {G}iffen good},
	volume = {8},
	year = {1981}}

@article{hoy2014take,
	author = {Hoy, Michael and Peter, Richard and Richter, Andreas},
	journal = {Journal of Risk and Uncertainty},
	number = {2},
	pages = {~111--133},
	publisher = {Springer},
	title = {Take-up for genetic tests and ambiguity},
	volume = {48},
	year = {2014}}

@article{huang2012ambiguity,
	author = {Huang, Rachel J},
	journal = {Insurance: Mathematics and Economics},
	number = {3},
	pages = {~338--345},
	publisher = {Elsevier},
	title = {Ambiguity aversion, higher-order risk attitude and optimal effort},
	volume = {50},
	year = {2012}}

@article{huang2017higher-order,
	author = {Huang, James and Stapleton, Richard},
	journal = {Economic Theory},
	number = {2},
	pages = {~387--406},
	publisher = {Springer},
	title = {Higher-order risk vulnerability},
	volume = {63},
	year = {2017}}

@article{huang2018mean,
	author = {Huang, Yi-Chieh and Tzeng, Larry Y},
	journal = {Journal of Risk and Insurance},
	number = {4},
	pages = {~993--1012},
	publisher = {Wiley Online Library},
	title = {A Mean-Preserving Increase in Ambiguity and Portfolio Choices},
	volume = {85},
	year = {2018}}

@article{huber2021change,
	author = {Huber, Tobias and Jaspersen, Johannes Gerd and Richter, Andreas and Str{\"u}mpel, Dennis},
	journal = {Working Paper, available at SSRN 3759755},
	title = {On the Change of Risk Aversion in Wealth: {E}vidence from a Closed Economic System},
	year = {2021}}

@article{huberman1983optimal,
	author = {Huberman, Gur and Mayers, David and Smith Jr, Clifford W},
	journal = {The Bell Journal of Economics},
	number = {2},
	pages = {~415--426},
	publisher = {JSTOR},
	title = {Optimal insurance policy indemnity schedules},
	volume = {14},
	year = {1983}}

@article{jaspersen2022predicting,
	author = {Jaspersen, Johannes G and Ragin, Marc A and Sydnor, Justin R},
	journal = {Journal of Risk and Insurance},
	number = {1},
	pages = {~63--96},
	publisher = {Wiley Online Library},
	title = {Predicting insurance demand from risk attitudes},
	volume = {89},
	year = {2022}}

@article{jaspersen2022probability,
	author = {Jaspersen, Johannes G and Peter, Richard and Ragin, Marc A},
	journal = {The Geneva Risk and Insurance Review (forthcoming)},
	publisher = {Springer},
	title = {Probability weighting and insurance demand in a unified framework},
	year = {2022}}

@article{jensen2008giffen,
	author = {Jensen, Robert T and Miller, Nolan H},
	journal = {American Economic Review},
	number = {4},
	pages = {~1553--77},
	title = {Giffen behavior and subsistence consumption},
	volume = {98},
	year = {2008}}

@article{jewitt1988justifying,
  title={Justifying the first-order approach to principal-agent problems},
  author={Jewitt, Ian},
  journal={Econometrica},
  volume={56},
  number={5},
  pages={~1177--1190},
  year={1988},
  publisher={JSTOR}
}

@article{jewitt2017ordering,
	author = {Jewitt, Ian and Mukerji, Sujoy},
	journal = {Journal of Economic Theory},
	pages = {~213--267},
	publisher = {Elsevier},
	title = {Ordering ambiguous acts},
	volume = {171},
	year = {2017}}

@article{jindapon2007higher,
	author = {Jindapon, Paan and Neilson, William S},
	journal = {Journal of Economic Theory},
	number = {1},
	pages = {~719--728},
	publisher = {Elsevier},
	title = {Higher-order generalizations of {A}rrow--{P}ratt and {R}oss risk aversion: {A} comparative statics approach},
	volume = {136},
	year = {2007}}

@article{jindapon2013risk,
	author = {Jindapon, Paan},
	journal = {Economics Letters},
	number = {2},
	pages = {~290--293},
	publisher = {Elsevier},
	title = {Do risk lovers invest in self-protection?},
	volume = {121},
	year = {2013}}

@article{jouini2013multivariate,
	author = {Jouini, Ely{\`e}s and Napp, Clotilde and Nocetti, Diego},
	journal = {Journal of Economic Theory},
	number = {3},
	pages = {~1255--1267},
	publisher = {Elsevier},
	title = {On multivariate prudence},
	volume = {148},
	year = {2013}}

@article{jullien1999should,
	author = {Jullien, B. and Salani{\'e}, B. and Salani{\'e}, F.},
	journal = {The Geneva Risk and Insurance Review},
	number = {1},
	pages = {~19--28},
	publisher = {Springer},
	title = {Should more risk-averse agents exert more effort?},
	volume = {24},
	year = {1999}}

@article{karni1992optimal,
	author = {Karni, Edi},
	journal = {Contributions to Insurance Economics},
	pages = {217--238},
	publisher = {Springer},
	title = {Optimal insurance: {A} nonexpected utility analysis},
	year = {1992}}

@article{keenan2002greater,
	author = {Keenan, Donald C and Snow, Arthur},
	journal = {Journal of Risk and Uncertainty},
	number = {3},
	pages = {~267--277},
	publisher = {Springer},
	title = {Greater downside risk aversion},
	volume = {24},
	year = {2002}}

@article{keenan2009greater,
	author = {Keenan, Donald C and Snow, Arthur},
	journal = {Journal of Economic Theory},
	number = {3},
	pages = {~1092--1101},
	publisher = {Elsevier},
	title = {Greater downside risk aversion in the large},
	volume = {144},
	year = {2009}}

@article{keenan2010greater,
	author = {Keenan, Donald C and Snow, Arthur},
	journal = {Journal of Economic Theory},
	number = {5},
	pages = {~2018--2026},
	publisher = {Elsevier},
	title = {Greater prudence and greater downside risk aversion},
	volume = {145},
	year = {2010}}

@article{keenan2012schwarzian,
	author = {Keenan, Donald C and Snow, Arthur},
	journal = {Journal of Risk and Uncertainty},
	number = {2},
	pages = {~149--160},
	publisher = {Springer},
	title = {The {S}chwarzian derivative as a ranking of downside risk aversion},
	volume = {44},
	year = {2012}}

@article{keenan2018direction,
	author = {Keenan, Donald C and Snow, Arthur},
	journal = {Journal of Risk and Insurance},
	number = {2},
	pages = {~355--378},
	publisher = {Wiley Online Library},
	title = {Direction and Intensity of Risk Preference at the Third Order},
	volume = {85},
	year = {2018}}

@article{kihlstrom1974risk,
	author = {Kihlstrom, Richard E and Mirman, Leonard J},
	journal = {Journal of Economic Theory},
	number = {3},
	pages = {~361--388},
	publisher = {Elsevier},
	title = {Risk aversion with many commodities},
	volume = {8},
	year = {1974}}

@article{kihlstrom1981risk,
	author = {Kihlstrom, Richard E and Romer, David and Williams, Steve},
	journal = {Econometrica},
	number = {4},
	pages = {~911--920},
	publisher = {JSTOR},
	title = {Risk aversion with random initial wealth},
	volume = {49},
	year = {1981}}

@article{kimball1990precautionary,
	author = {Kimball, Miles S},
	journal = {Econometrica},
	number = {1},
	pages = {~53--73},
	publisher = {JSTOR},
	title = {Precautionary Saving in the Small and in the Large},
	volume = {58},
	year = {1990}}

@techreport{kimball1991precautionary,
	author = {Kimball, Miles S},
	institution = {National Bureau of Economic Research},
	title = {Precautionary motives for holding assets},
	year = {1991}}

@article{kimball1993standard,
	author = {Kimball, Miles S},
	journal = {Econometrica},
	number = {3},
	pages = {~589--611},
	publisher = {JSTOR},
	title = {Standard risk aversion},
	volume = {61},
	year = {1993}}

@article{klibanoff2005smooth,
	author = {Klibanoff, Peter and Marinacci, Massimo and Mukerji, Sujoy},
	journal = {Econometrica},
	number = {6},
	pages = {~1849--1892},
	publisher = {Wiley Online Library},
	title = {A smooth model of decision making under ambiguity},
	volume = {73},
	year = {2005}}

@article{klibanoff2012smooth,
	author = {Klibanoff, Peter and Marinacci, Massimo and Mukerji, Sujoy},
	journal = {Econometrica},
	number = {3},
	pages = {~1303--1321},
	publisher = {Wiley Online Library},
	title = {On the smooth ambiguity model: {A} reply},
	volume = {80},
	year = {2012}}

@article{kuehlwein1991test,
	author = {Kuehlwein, Michael},
	journal = {Economics Letters},
	number = {4},
	pages = {~471--475},
	publisher = {Elsevier},
	title = {A test for the presence of precautionary saving},
	volume = {37},
	year = {1991}}

@article{krieger2017prudence,
	author = {Krieger, Miriam and Mayrhofer, Thomas},
	journal = {Applied Economics Letters},
	number = {1},
	pages = {~19--24},
	publisher = {Taylor \& Francis},
	title = {Prudence and prevention: {A}n economic laboratory experiment},
	volume = {24},
	year = {2017}}

@article{kocher2015ambiguity,
	author = {Kocher, Martin and Lahno, Amrei and Trautmann, Stefan},
	journal = {European Economic Review},
	pages = {~268-283},
	title = {Ambiguity aversion is not universal},
	volume = {101},
	year = {2018}}

@article{koenker1977bread,
	author = {Koenker, Roger},
	journal = {The Review of Economics and Statistics},
	number = {2},
	pages = {~225--229},
	publisher = {JSTOR},
	title = {Was bread {G}iffen? {T}he demand for food in {E}ngland circa 1790},
	volume = {59},
	year = {1977}}

@article{konrad1993self,
	author = {Konrad, Kai A and Skaperdas, Stergios},
	journal = {The Geneva Papers on Risk and Insurance-Theory},
	number = {2},
	pages = {~131--146},
	publisher = {Springer},
	title = {Self-insurance and self-protection: {A} nonexpected utility analysis},
	volume = {18},
	year = {1993}}

@article{kraus1976skewness,
	author = {Kraus, Alan and Litzenberger, Robert H},
	journal = {The Journal of Finance},
	number = {4},
	pages = {~1085--1100},
	publisher = {JSTOR},
	title = {Skewness preference and the valuation of risk assets},
	volume = {31},
	year = {1976}}

@article{lang2017first,
	author = {Lang, Matthias},
	journal = {Management Science},
	number = {4},
	pages = {~1254--1269},
	publisher = {Informs},
	title = {First-order and second-order ambiguity aversion},
	volume = {63},
	year = {2017}}

@article{lee1998risk,
	author = {Lee, Kangoh},
	journal = {Journal of Risk and Uncertainty},
	number = {2},
	pages = {~139--151},
	publisher = {Springer},
	title = {Risk aversion and self-insurance-cum-protection},
	volume = {17},
	year = {1998}}

@article{lee2005wealth,
	author = {Lee, Kangoh},
	journal = {The Geneva Risk and Insurance Review},
	number = {2},
	pages = {~147--159},
	publisher = {Springer},
	title = {Wealth effects on self-insurance and self-protection against monetary and nonmonetary losses},
	volume = {30},
	year = {2005}}

@article{lee2012background,
  title={Background risk and self-protection},
  author={Lee, Kangoh},
  journal={Economics Letters},
  volume={114},
  number={3},
  pages={~262--264},
  year={2012},
  publisher={Elsevier}
}

@article{levy1994absolute,
	author = {Levy, Haim},
	journal = {Journal of Risk and Uncertainty},
	number = {3},
	pages = {~289--307},
	publisher = {Springer},
	title = {Absolute and relative risk aversion: {A}n experimental study},
	volume = {8},
	year = {1994}}

@article{li2011demand,
  title={The demand for a risky asset in the presence of a background risk},
  author={Li, Jingyuan},
  journal={Journal of Economic Theory},
  volume={146},
  number={1},
  pages={~372--391},
  year={2011},
  publisher={Elsevier}
}

@article{li2023mental,
  title={Mental health changes and the willingness to take risks},
  author={Li, Lu and Richter, Andreas and Steinorth, Petra},
  journal={The Geneva Risk and Insurance Review},
  volume={48},
  number={1},
  pages={~31--62},
  year={2023},
  publisher={Springer}
}

@article{liu2009conditional,
	author = {Liu, Liqun and Rettenmaier, Andrew J and Saving, Thomas R},
	journal = {Journal of Risk and Uncertainty},
	number = {2},
	pages = {~159--172},
	publisher = {Springer},
	title = {Conditional payments and self-protection},
	volume = {38},
	year = {2009}}

@article{liu2019alternative,
	author = {Liu, Liqun and Neilson, William S},
	journal = {Management Science},
	number = {8},
	pages = {~3824--3834},
	publisher = {INFORMS},
	title = {Alternative approaches to comparative $n$th-degree risk aversion},
	volume = {65},
	year = {2019}}

@article{liu2021optimality,
  title={Optimality of winner-take-all contests: the role of attitudes toward risk},
  author={Liu, Liqun and Treich, Nicolas},
  journal={Journal of Risk and Uncertainty},
  volume={63},
  pages={~1--25},
  year={2021},
  publisher={Springer}
}

@article{mace2021impact,
	author = {Mac{\'e}, Serge and Peter, Richard},
	journal = {University of Iowa (Working Paper)},
	title = {The impact of loss aversion on optimal prevention in a choice-acclimating personal equilibrium},
	year = {2021}}

@article{machina1995non,
	author = {Machina, Mark J},
	journal = {The Geneva Papers on Risk and Insurance Theory},
	number = {1},
	pages = {~9--50},
	publisher = {Springer},
	title = {Non-expected utility and the robustness of the classical insurance paradigm},
	volume = {20},
	year = {1995}}

@incollection{marshall1992optimum,
	author = {Marshall, John M},
	booktitle = {Contributions to Insurance Economics},
	pages = {255--274},
	publisher = {Springer},
	title = {Optimum insurance with deviant beliefs},
	year = {1992}}

@article{malamud2016optimal,
	author = {Malamud, Semyon and Rui, Huaxia and Whinston, Andrew},
	journal = {Journal of Mathematical Economics},
	pages = {~71--82},
	publisher = {Elsevier},
	title = {Optimal reinsurance with multiple tranches},
	volume = {65},
	year = {2016}}

@article{malevergne2009cross,
  title={On cross-risk vulnerability},
  author={Malevergne, Yannick and Rey, B{\'e}atrice},
  journal={Insurance: {M}athematics and Economics},
  volume={45},
  number={2},
  pages={~224--229},
  year={2009},
  publisher={Elsevier}
}

@article{masuda2019higher,
	author = {Masuda, Takehito and Lee, Eungik},
	journal = {Experimental Economics},
	number = {1},
	pages = {~197--215},
	publisher = {Springer},
	title = {Higher order risk attitudes and prevention under different timings of loss},
	volume = {22},
	year = {2019}}

@article{mayers1983interdependence,
	author = {Mayers, David and Smith Jr, Clifford W},
	journal = {Journal of Political Economy},
	number = {2},
	pages = {~304--311},
	publisher = {The University of Chicago Press},
	title = {The interdependence of individual portfolio decisions and the demand for insurance},
	volume = {91},
	year = {1983}}

@article{mayrhofer2019prudence,
	author = {Mayrhofer, Thomas and Schmitz, Hendrik},
	journal = {Working Paper (Stralsund University of Applied Sciences)},
	title = {Prudence and prevention - {E}mpirical evidence},
	year = {2019}}

@article{menegatti2009optimal,
	author = {Menegatti, Mario},
	journal = {Mathematical Social Sciences},
	number = {3},
	pages = {~393--397},
	publisher = {Elsevier},
	title = {Optimal prevention and prudence in a two-period model},
	volume = {58},
	year = {2009}}

@article{menegatti2011substitution,
	author = {Menegatti, Mario and Rebessi, Filippo},
	journal = {Mathematical Social Sciences},
	number = {3},
	pages = {~176--182},
	publisher = {Elsevier},
	title = {On the substitution between saving and prevention},
	volume = {62},
	year = {2011}}

@article{menegatti2012new,
	author = {Menegatti, Mario},
	journal = {Economics Bulletin},
	number = {3},
	pages = {~2166--2173},
	publisher = {AccessEcon},
	title = {New results on optimal prevention of risk averse agents},
	volume = {32},
	year = {2012}}

@article{menegatti2014optimal,
	author = {Menegatti, Mario},
	journal = {The European Journal of Health Economics},
	number = {4},
	pages = {~363--372},
	publisher = {Springer},
	title = {Optimal choice on prevention and cure: {A} new economic analysis},
	volume = {15},
	year = {2014}}

@article{menegatti2021subsidizing,
	author = {Menegatti, Mario},
	journal = {Journal of Economics (forthcoming)},
	publisher = {Springer},
	title = {Subsidizing risk prevention},
	year = {2021}}

@Article{menegatti2022changes,
  author  = {Menegatti, Mario and Peter, Richard},
  journal = {Management Science},
  title   = {Changes in Risky Benefits and in Risky Costs: A Question of the Right Order},
  year    = {2022},
  number  = {5},
  pages   = {~3625--3634},
  volume  = {68},
}

@article{menezes1980increasing,
	author = {Menezes, Carmen and Geiss, Charles and Tressler, John},
	journal = {American Economic Review},
	number = {5},
	pages = {~921--932},
	publisher = {JSTOR},
	title = {Increasing downside risk},
	volume = {70},
	year = {1980}}

@article{merrigan1996precautionary,
	author = {Merrigan, Philip and Normandin, Michel},
	journal = {The Economic Journal},
	number = {438},
	pages = {~1193--1208},
	publisher = {Oxford University Press Oxford, UK},
	title = {Precautionary saving motives: an assessment from {UK} time series of cross-sections},
	volume = {106},
	year = {1996}}

@article{meyer1985strong,
	author = {Meyer, Jack and Ormiston, Michael B},
	journal = {International Economic Review},
	number = {2},
	pages = {425--437},
	publisher = {JSTOR},
	title = {Strong increases in risk and their comparative statics},
	volume = {26},
	year = {1985}}

@article{meyer1999analyzing,
	author = {Meyer, Jack and Ormiston, Michael B},
	journal = {Journal of Risk and Uncertainty},
	number = {3},
	pages = {223--230},
	publisher = {Springer},
	title = {Analyzing the demand for deductible insurance},
	volume = {18},
	year = {1999}}

@article{meyer2011diamond,
	author = {Meyer, Donald J and Meyer, Jack},
	journal = {Journal of Risk and Uncertainty},
	number = {1},
	pages = {~45--60},
	publisher = {Springer},
	title = {A {D}iamond-{S}tiglitz approach to the demand for self-protection},
	volume = {42},
	year = {2011}}

@article{meyer2005relative,
	author = {Donald J. Meyer and Jack Meyer},
	journal = {Journal of Risk and Uncertainty},
	number = {3},
	pages = {~243--262},
	title = {Relative risk aversion: {W}hat do we know?},
	volume = {31},
	year = {2005}}

@article{milgrom1994monotone,
  title={Monotone comparative statics},
  author={Milgrom, Paul and Shannon, Chris},
  journal={Econometrica},
  volume={62},
  number={1},
  pages={~157--180},
  year={1994},
  publisher={JSTOR}
}

@article{modica2005note,
	author = {Modica, Salvatore and Scarsini, Marco},
	journal = {Journal of Economic Theory},
	number = {2},
	pages = {~267--271},
	publisher = {Elsevier},
	title = {A note on comparative downside risk aversion},
	volume = {122},
	year = {2005}}

@article{mossin1968aspects,
	author = {Mossin, Jan},
	journal = {Journal of Political Economy},
	number = {4},
	pages = {~553--568},
	publisher = {JSTOR},
	title = {Aspects of rational insurance purchasing},
	volume = {46},
	year = {1968}}

@article{muermann2008self,
  title={Self-protection and insurance with interdependencies},
  author={Muermann, Alexander and Kunreuther, Howard},
  journal={Journal of Risk and Uncertainty},
  volume={36},
  number={2},
  pages={~103--123},
  year={2008},
  publisher={Springer}
}

@article{mukerji2001ambiguity,
	author = {Mukerji, Sujoy and Tallon, Jean-Marc},
	journal = {The Review of Economic Studies},
	number = {4},
	pages = {~883--904},
	publisher = {Wiley-Blackwell},
	title = {Ambiguity aversion and incompleteness of financial markets},
	volume = {68},
	year = {2001}}

@article{nachman1982preservation,
	author = {Nachman, David C},
	journal = {Journal of Economic Theory},
	number = {2},
	pages = {~361--368},
	publisher = {Elsevier},
	title = {Preservation of ``more risk averse'' under expectations},
	volume = {28},
	year = {1982}}

@article{neilson2010simplified,
	author = {Neilson, William S},
	journal = {Journal of Risk and Uncertainty},
	number = {2},
	pages = {~113--124},
	publisher = {Springer},
	title = {A simplified axiomatic approach to ambiguity aversion},
	volume = {41},
	year = {2010}}

@article{noussair2014higher,
	author = {Noussair, Charles N and Trautmann, Stefan T and Van de Kuilen, Gijs},
	journal = {Review of Economic Studies},
	number = {1},
	pages = {~325--355},
	publisher = {Oxford University Press},
	title = {Higher order risk attitudes, demographics, and financial decisions},
	volume = {81},
	year = {2014}}

@article{nuscheler2016vaccinate,
	author = {Nuscheler, Robert and Roeder, Kerstin},
	journal = {Health Economics},
	number = {12},
	pages = {~1560--1581},
	publisher = {Wiley Online Library},
	title = {To Vaccinate or to Procrastinate? {T}hat is the prevention question},
	volume = {25},
	year = {2016}}

@article{ohlin1969class,
	author = {Ohlin, Jan},
	journal = {ASTIN Bulletin},
	number = {2},
	pages = {~249--266},
	publisher = {Cambridge University Press},
	title = {On a class of measures of dispersion with application to optimal reinsurance},
	volume = {5},
	year = {1969}}

@article{osaki2014portfolio,
	author = {Osaki, Yusuke and Schlesinger, Harris},
	journal = {Osaka Sangyo University (Working Paper)},
	title = {Portfolio choice and ambiguous background risk},
	year = {2014}}

@article{parker1999reaction,
	author = {Parker, Jonathan A},
	journal = {American Economic Review},
	number = {4},
	pages = {~959--973},
	title = {The reaction of household consumption to predictable changes in social security taxes},
	volume = {89},
	year = {1999}}

@article{peter2017optimal,
	author = {Peter, Richard},
	journal = {Journal of Economic Behavior \& Organization},
	pages = {~19--36},
	publisher = {Elsevier},
	title = {Optimal self-protection in two periods: {O}n the role of endogenous saving},
	volume = {137},
	year = {2017}}

@article{peter2019revisiting,
	author = {Peter, Richard},
	journal = {Economics Letters},
	pages = {~123--127},
	publisher = {Elsevier},
	title = {Revisiting precautionary saving under ambiguity},
	volume = {174},
	year = {2019}}

@article{peter2020you,
	author = {Peter, Richard and Ying, Jie},
	journal = {Journal of Economic Behavior \& Organization},
	pages = {~938--954},
	publisher = {Elsevier},
	title = {Do you trust your insurer? {A}mbiguity about contract nonperformance and optimal insurance demand},
	volume = {180},
	year = {2020}}

@article{peter2021,
	author = {Richard Peter},
	journal = {Economic Theory},
	number = {4},
	pages = {~1259--1281},
	title = {Who should exert more effort? {R}isk aversion, downside risk aversion and optimal prevention},
	volume = {71},
	year = {2021}}

@article{peter2021fresh,
	author = {Peter, Richard},
	journal = {Health Economics},
	number = {5},
	pages = {~1247--1254},
	publisher = {Wiley Online Library},
	title = {A fresh look at primary prevention for health risks},
	volume = {30},
	year = {2021}}

@article{peter2022many,
	author = {Peter, Richard and Rey, B{\'e}atrice},
	journal = {University of Iowa (Working Paper)},
	title = {The many faces of multivariate risk-taking: {R}isk apportionment for desirable and undesirable attributes},
	year = {2022}}

@incollection{peter2024selfprotection,
	author = {Peter, Richard},
	booktitle = {Handbook of Insurance},
	edition = {3},
	editor = {Georges Dionne},
	publisher = {Springer},
	volume={2},
  	pages={~55--82},
	title = {The self-protection problem},
	year = {2025}}

@article{peter2024economics,
  title={The economics of self-protection: {A} tribute to {EGRIE}},
  author={Peter, Richard},
  journal={The Geneva Risk and Insurance Review},
  volume={49},
  number={1},
  pages={~6--35},
  year={2024},
  publisher={Springer}
}

@article{peter2024precautionary,
  title={Precautionary risk-reduction and saving decisions: Two sides of the same coin?},
  author={Peter, Richard and Hofmann, Annette},
  journal={Insurance: {M}athematics and Economics},
  volume={118},
  pages={~175--194},
  year={2024},
  publisher={Elsevier}
}

@article{picone1998effect,
  title={The effect of uncertainty on the demand for medical care, health capital and wealth},
  author={Picone, Gabriel and Uribe, Mart{\i}n and Wilson, R Mark},
  journal={Journal of health economics},
  volume={17},
  number={2},
  pages={~171--185},
  year={1998},
  publisher={Elsevier}
}

@article{pratt1964risk,
	author = {Pratt, John W},
	journal = {Econometrica},
	number = {1--2},
	pages = {~122--136},
	publisher = {JSTOR},
	title = {Risk aversion in the small and in the large},
	volume = {32},
	year = {1964}}

@article{quah2009comparative,
  title={Comparative statics, informativeness, and the interval dominance order},
  author={Quah, John K-H and Strulovici, Bruno},
  journal={Econometrica},
  volume={77},
  number={6},
  pages={~1949--1992},
  year={2009},
  publisher={Wiley Online Library}
}

@article{raviv1979design,
	author = {Raviv, Artur},
	journal = {American Economic Review},
	number = {1},
	pages = {~84--96},
	publisher = {JSTOR},
	title = {The design of an optimal insurance policy},
	volume = {69},
	year = {1979}}

@article{rey2003note,
  title={A note on optimal insurance in the presence of a nonpecuniary background risk},
  author={Rey, B{\'e}atrice},
  journal={Theory and Decision},
  volume={54},
  pages={~73--83},
  year={2003},
  publisher={Springer}
}

@article{richard1975multivariate,
	author = {Richard, Scott F},
	journal = {Management Science},
	number = {1},
	pages = {~12--21},
	publisher = {INFORMS},
	title = {Multivariate risk aversion, utility independence and separable utility functions},
	volume = {22},
	year = {1975}}

@article{rogerson1985first,
	author = {Rogerson, William P},
	journal = {Econometrica},
	number = {6},
	pages = {~1357--1367},
	publisher = {JSTOR},
	title = {The first-order approach to principal-agent problems},
	volume = {53},
	year = {1985}}

@article{rogerson1985repeated,
	author = {Rogerson, William P},
	journal = {Econometrica},
	number = {1},
	pages = {~69--76},
	publisher = {JSTOR},
	title = {Repeated moral hazard},
	volume = {53},
	year = {1985}}

@article{rosen1999potato,
	author = {Rosen, Sherwin},
	journal = {Journal of Political Economy},
	number = {6},
	pages = {~S294--313},
	publisher = {The University of Chicago Press},
	title = {Potato paradoxes},
	volume = {107},
	year = {1999}}

@article{ross1981some,
	author = {Ross, Stephen A},
	journal = {Econometrica},
	number = {3},
	pages = {~621--638},
	publisher = {JSTOR},
	title = {Some stronger measures of risk aversion in the small and the large with applications},
	volume = {49},
	year = {1981}}

@article{rothschild1970increasing,
	author = {Rothschild, Michael and Stiglitz, Joseph E},
	journal = {Journal of Economic Theory},
	number = {3},
	pages = {~225--243},
	publisher = {Elsevier},
	title = {Increasing risk: I. {A} definition},
	volume = {2},
	year = {1970}}

@article{rubinstein1973fundamental,
	author = {Rubinstein, Mark E},
	journal = {Journal of Financial and Quantitative Analysis},
	number = {1},
	pages = {~61--69},
	publisher = {Cambridge University Press},
	title = {The fundamental theorem of parameter-preference security valuation},
	volume = {8},
	year = {1973}}

@article{rubinstein1974aggregation,
	author = {Rubinstein, Mark},
	journal = {Journal of Financial Economics},
	number = {3},
	pages = {~225--244},
	publisher = {Elsevier},
	title = {An aggregation theorem for securities markets},
	volume = {1},
	year = {1974}}

@article{saha1993expo,
	author = {Saha, Atanu},
	journal = {American Journal of Agricultural Economics},
	number = {4},
	pages = {~905--913},
	publisher = {Wiley Online Library},
	title = {Expo-power utility: a `flexible' form for absolute and relative risk aversion},
	volume = {75},
	year = {1993}}

@article{salanie2020public,
  title={Public and private incentives for self-protection},
  author={Salani{\'e}, Fran{\c{c}}ois and Treich, Nicolas},
  journal={The Geneva Risk and Insurance Review},
  volume={45},
  number={2},
  pages={~104--113},
  year={2020},
  publisher={Springer}
}

@article{sarin1993effects,
	author = {Sarin, R.K. and Weber, M.},
	journal = {Management Science},
	number = {5},
	pages = {~602--615},
	publisher = {JSTOR},
	title = {Effects of ambiguity in market experiments},
	volume = {39},
	year = {1993}}

@incollection{schlesinger2013theory,
	author = {Schlesinger, Harris},
	booktitle = {Handbook of Insurance},
	chapter = {7},
	edition = {2},
	editor = {Georges Dionne},
	pages = {167--184},
	publisher = {Springer},
	title = {The theory of insurance demand},
	year = {2013}}

@article{schlesinger1981optimal,
	author = {Schlesinger, Harris},
	journal = {Journal of Risk and Insurance},
	number = {3},
	pages = {~465--481},
	publisher = {JSTOR},
	title = {The optimal level of deductibility in insurance contracts},
	year = {1981}}

@article{schmeidler1989subjective,
	author = {Schmeidler, David},
	journal = {Econometrica},
	number = {3},
	pages = {~571--587},
	publisher = {JSTOR},
	title = {Subjective probability and expected utility without additivity},
	volume = {57},
	year = {1989}}

@article{schneider2020low,
	author = {Schneider, Paul and Wagner, Christian and Zechner, Josef},
	journal = {The Journal of Finance},
	number = {5},
	pages = {~2673--2718},
	publisher = {Wiley Online Library},
	title = {Low-risk anomalies?},
	volume = {75},
	year = {2020}}

@book{shaked2007stochastic,
	author = {Shaked, Moshe and Shanthikumar, J George},
	publisher = {Springer Science \& Business Media},
	title = {Stochastic orders},
	year = {2007}}

@article{shanthikumar1991bivariate,
	author = {Shanthikumar, J George and Yao, David D},
	journal = {Advances in Applied Probability},
	number = {3},
	pages = {~642--659},
	publisher = {Cambridge University Press},
	title = {Bivariate characterization of some stochastic order relations},
	volume = {23},
	year = {1991}}

@article{shapira2008preference,
	author = {Shapira, Zur and Venezia, Itzhak},
	journal = {Journal of Economic Psychology},
	number = {5},
	pages = {~747--761},
	publisher = {Elsevier},
	title = {On the preference for full-coverage policies: {W}hy do people buy too much insurance?},
	volume = {29},
	year = {2008}}

@article{skinner1988risky,
	author = {Skinner, Jonathan},
	journal = {Journal of Monetary Economics},
	number = {2},
	pages = {~237--255},
	publisher = {Elsevier},
	title = {Risky income, life cycle consumption, and precautionary savings},
	volume = {22},
	year = {1988}}

@article{sloan1998alternative,
	author = {Sloan, Frank and Viscusi, Kip and Chesson, Harrell and Conover, Christopher and Whetten-Goldstein, Kathryn},
	journal = {Journal of Health Economics},
	number = {4},
	pages = {~475--497},
	publisher = {Elsevier},
	title = {Alternative approaches to valuing intangible health losses: {T}he evidence for multiple sclerosis},
	volume = {17},
	year = {1998}}

@article{snow2010ambiguity,
	author = {Snow, Arthur},
	journal = {Journal of Risk and Uncertainty},
	number = {2},
	pages = {~133--145},
	publisher = {Springer},
	title = {Ambiguity and the value of information},
	volume = {40},
	year = {2010}}

@article{snow2011ambiguity,
	author = {Snow, Arthur},
	journal = {Journal of Risk and Uncertainty},
	number = {1},
	pages = {~27--43},
	publisher = {Springer},
	title = {Ambiguity aversion and the propensities for self-insurance and self-protection},
	volume = {42},
	year = {2011}}

@article{stigler1947notes,
	author = {Stigler, George J},
	journal = {Journal of Political Economy},
	number = {2},
	pages = {~152--156},
	publisher = {The University of Chicago Press},
	title = {Notes on the history of the {G}iffen paradox},
	volume = {55},
	year = {1947}}

@article{sweeney1992comparative,
	author = {Sweeney, George H and Beard, T Randolph},
	journal = {Journal of Risk and Insurance},
	number = {2},
	pages = {~301--309},
	publisher = {JSTOR},
	title = {The comparative statics of self-protection},
	volume = {59},
	year = {1992}}

@article{sydnor2010over,
	author = {Sydnor, Justin},
	journal = {American Economic Journal: {A}pplied Economics},
	number = {4},
	pages = {~177--99},
	title = {({O}ver)insuring modest risks},
	volume = {2},
	year = {2010}}

@book{topkis1998supermodularity,
  title={Supermodularity and complementarity},
  author={Topkis, Donald M},
  year={1998},
  publisher={Princeton University Press}
}

@article{townsend1994risk,
	author = {Townsend, Robert M},
	journal = {Econometrica},
	number = {3},
	pages = {~539--591},
	publisher = {JSTOR},
	title = {Risk and insurance in village {I}ndia},
	volume = {62},
	year = {1994}}

@article{tsetlin2005risky,
  title={Risky choices and correlated background risk},
  author={Tsetlin, Ilia and Winkler, Robert L},
  journal={Management Science},
  volume={51},
  number={9},
  pages={~1336--1345},
  year={2005},
  publisher={INFORMS}
}

@article{viscusi1990utility,
	author = {Viscusi, Kip and Evans, William},
	journal = {The American Economic Review},
	number = {3},
	pages = {~353--374},
	publisher = {JSTOR},
	title = {Utility functions that depend on health status: {E}stimates and economic implications},
	volume = {80},
	year = {1990}}

@article{viscusi1999hopes,
	author = {Viscusi, W.K. and Chesson, H.},
	journal = {Theory and Decision},
	number = {2},
	pages = {~157--184},
	publisher = {Springer},
	title = {Hopes and fears: {T}he conflicting effects of risk ambiguity},
	volume = {47},
	year = {1999}}

@article{wilson1968theory,
	author = {Wilson, Robert},
	journal = {Econometrica},
	number = {1},
	pages = {~119--132},
	publisher = {JSTOR},
	title = {The theory of syndicates},
	volume = {36},
	year = {1968}}

@article{wong2016precautionary,
	author = {Wong, Kit Pong},
	journal = {Economics Letters},
	pages = {~152--156},
	publisher = {Elsevier},
	title = {Precautionary self-insurance-cum-protection},
	volume = {145},
	year = {2016}}

@article{xu2019optimal,
	author = {Xu, Zuo Quan and Zhou, Xun Yu and Zhuang, Sheng Chao},
	journal = {Mathematical Finance},
	number = {2},
	pages = {~659--692},
	publisher = {Wiley Online Library},
	title = {Optimal insurance under rank-dependent utility and incentive compatibility},
	volume = {29},
	year = {2019}}

@article{young1999optimal,
	author = {Young, Virginia R},
	journal = {Insurance: Mathematics and Economics},
	number = {2},
	pages = {~109--122},
	publisher = {Elsevier},
	title = {Optimal insurance under {W}ang's premium principle},
	volume = {25},
	year = {1999}}

@article{zilcha1990invariance,
	author = {Zilcha, Itzhak and Chew, Soo Hong},
	journal = {Journal of Economic Behavior \& Organization},
	number = {1},
	pages = {~125--131},
	publisher = {Elsevier},
	title = {Invariance of the efficient sets when the expected utility hypothesis is relaxed},
	volume = {13},
	year = {1990}}
